@article{Kandel2024,
  author    = {Kandel, S.},
  title     = {Weaponizing Information: The Rise of Social Media Manipulation in Nepali Politics},
  journal   = {Journal of Durgalaxmi (JDL)},
  volume    = {3},
  number    = {1},
  pages     = {1--18},
  year      = {2024},
  note      = {Discusses Balen Shah's use of social media and the role of platforms like Routine of Nepal Banda in the 2022 elections},
  url       = {https://www.nepjol.info/index.php/jdl/article/download/73833/57195/216545}
}

@article{Paudel2023,
  author    = {Paudel, S.},
  title     = {The Influence of Social-media on Agenda-setting in Nepali Journalism},
  journal   = {Agenda-setting study},
  year      = {2023},
  note      = {Highlights the influence of Routine of Nepal Banda and Meme Nepal, and the reach of Facebook and TikTok during Balen Shah's campaign},
  url       = {https://nepjol.info/index.php/ppj/article/download/59016/44081/174838}
}

@online{Onlinekhabar2022,
  author    = {Onlinekhabar},
  title     = {Nepal elections in the age of social media: Here are crucial concerns},
  year      = {2022},
  url       = {https://english.onlinekhabar.com/nepal-elections-social-media-concerns.html},
  note      = {Facebook is the most used platform in Nepal, with 15.5 million users; TikTok is growing but not as strong as Facebook}
}

@online{InfluenceIndustry2022,
  author    = {Pathak, Tilak Prasad and Prajapati, Ujjwal},
  title     = {Online platforms, Polling, and Misinformation: Electioneering Strategies in Nepal},
  year      = {2022},
  url       = {https://influenceindustry.org/en/explorer/case-studies/nepal-electioneering-strategies/},
  note      = {Facebook was the dominant platform for 2022 election campaigning; TikTok's user base grew rapidly but remained smaller than Facebook}
}

@online{NepalNews2025,
  author    = {NepalNews},
  title     = {Everything you need to know about Kathmandu Mayor Balen Shah},
  year      = {2025},
  url       = {https://nepalnews.com/s/long-reads/everything-you-need-to-know-about-kathmandu-mayor-balen-shah-his-battle-with-the-establishment-core-team-achievements-and-future-plans/},
  note      = {Describes Balen Shah's grassroots and digital campaign strategy, including the use of Routine of Nepal Banda and his rap background}
}

@online{FESAsia2022,
  author    = {Friedrich-Ebert-Stiftung Asia},
  title     = {Kathmandu's rapper revolution},
  year      = {2022},
  url       = {https://asia.fes.de/news/kathmandus-rapper-revolution.html},
  note      = {Balen Shah leveraged TikTok, Twitter, and Instagram, building on his platform as a hip-hop artist}
}
