@article{greenwade93,
    author  = "George D. Greenwade",
    title   = "The {C}omprehensive {T}ex {A}rchive {N}etwork ({CTAN})",
    year    = "1993",
    journal = "TUGBoat",
    volume  = "14",
    number  = "3",
    pages   = "342--351"
}
@misc{pinto2024,
  author       = {Pinto, Gabriela and Bickham, Charles and Salkar, Tanishq and Luceri, Luca and Ferrara, Emilio},
  title        = {Tracking the 2024 US Presidential Election Chatter on TikTok: A Public Multimodal Dataset},
  year         = {2024},
  month        = {07},
  howpublished = {SSRN},
  url          = {https://ssrn.com/abstract=4883401},
  urldate      = {2025-04-22}
}

@software{QBukold2025TikTokScraper,
  author    = {Bukold, Q.},
  title     = {{TikTok Content Scraper}},
  version   = {1.0},
  year      = {2025},
  publisher = {{Weizenbaum Institute}},
  doi       = {10.34669/WI.RD/4},
  url       = {https://github.com/Q-Bukold/TikTok-Content-Scraper}
}
@article{SahJordan2025DecodingReddit,
  author  = {Sah, T. and Jordan, K.},
  title   = {Decoding reddit memes virality},
  journal = {International Journal of Data Science and Analytics},
  year    = {2025},
  doi     = {10.1007/s41060-025-00772-5},
  url     = {https://doi.org/10.1007/s41060-025-00772-5},
  % volume = {}, % Add volume if/when available
  % number = {}, % Add issue number if/when available
  % pages  = {}, % Add page range if/when available
  note    = {Published online ahead of print assignment} % Optional note
}
@misc{ingelstam2023populism,
  title={Populism From Below: Mapping User-Centered Populist Content on TikTok},
  author={Ingelstam, Freja},
  year={2023}
}
@article{cervi2021tiktok,
  title={TikTok and the new language of political communication},
  author={Cervi, Laura and Tejedor, Santiago and Llad{\'o}, Carles Mar{\'\i}n},
  journal={Cultura, lenguaje y representaci{\'o}n},
  volume={26},
  pages={267--287},
  year={2021}
}
@article{berger2012viral,
  title={What makes online content viral?},
  author={Berger, Jonah and Milkman, Katherine L.},
  journal={Journal of Marketing Research},
  volume={49},
  number={2},
  pages={192--205},
  year={2012},
  publisher={SAGE Publications},
  doi={10.1509/jmr.10.0353}
}
@misc{tiktok2023creative,
  title = {9 Creative Tips to Drive Performance},
  author = {{TikTok for Business}},
  year = {2023},
  note = {Retrieved from \url{https://ads.tiktok.com/business/library/Auction_Ads_Creative_Tips.pdf}}
}
@article{schellewald2021communicative,
  author       = {Schellewald, Andreas},
  title        = {Communicative Forms on TikTok: Perspectives from Digital Ethnography},
  journal      = {International Journal of Communication},
  volume       = {15},
  year         = {2021},
  pages        = {21}
}

@misc{umansky2023dances,
  author       = {Natalia Umansky and Christian Pipal},
  title        = {Dances, Duets, and Debates: Analysing Political Communication and Viewer Engagement on TikTok},
  institution  = {University of Zürich, Department of Political Science and Department of Communication and Media Research},
  year         = {2023},
  note         = {September 21, 2023}
}
@misc{tiktok2025,
author = {{TikTok}},
title = {How TikTok Recommends Content},
year = {2025},
url = {https://support.tiktok.com/en/using-tiktok/exploring-videos/how-tiktok-recommends-content}
}
@book{highfield2016instagrammatics,
  author = {Highfield, Tim and Leaver, Tama},
  title = {Instagrammatics and digital methods},
  year = {2016},
  publisher = {Routledge}
}
@book{bucher2018ifthen,
  author = {Bucher, Taina},
  title = {If...Then: Algorithmic Power and Politics},
  year = {2018},
  publisher = {Oxford University Press}
}
@book{noble2018algorithms,
  author = {Noble, Safiya Umoja},
  title = {Algorithms of Oppression},
  year = {2018},
  publisher = {NYU Press}
}
@online{FPExplainers2024,
  author    = {FP Explainers},
  title     = {13 governments in 16 yrs: How Nepal continues to see political churn},
  year      = {2024},
  date      = {2024-03-05},
  url       = {https://www.firstpost.com/explainers/pushpa-kamal-daha-new-alliance-13-governments-16-years-nepal-political-churn-13745366.html},
  organization = {Firstpost},
  urldate   = {2025-04-26},
  note      = {Accessed: 2025-04-26}
}
@article{Kandel2024,
  author    = {Kandel, S.},
  title     = {Weaponizing Information: The Rise of Social Media Manipulation in Nepali Politics},
  journal   = {Journal of Durgalaxmi (JDL)},
  volume    = {3},
  number    = {1},
  pages     = {1--18},
  year      = {2024},
  note      = {Discusses Balen Shah's use of social media and the role of platforms like Routine of Nepal Banda in the 2022 elections},
  url       = {https://www.nepjol.info/index.php/jdl/article/download/73833/57195/216545}
}
@online{Onlinekhabar2022,
  author    = {Onlinekhabar},
  title     = {Nepal elections in the age of social media: Here are crucial concerns},
  year      = {2022},
  url       = {https://english.onlinekhabar.com/nepal-elections-social-media-concerns.html},
  note      = {Facebook is the most used platform in Nepal, with 15.5 million users; TikTok is growing but not as strong as Facebook}
}
@online{Dorjee2022,
  author    = {Pasang Dorjee},
  title     = {Nobody does Rishi Dhamala better than Rishi Dhamala},
  year      = {2022},
  date      = {2022-01-15},
  url       = {https://kathmandupost.com/art-culture/2022/01/15/nobody-does-rishi-dhamala-better-than-rishi-dhamala},
  organization = {The Kathmandu Post},
  note      = {Accessed: 2025-04-26}
}
@article{PeñaFernández2022,
  author    = {Simón Peña-Fernández and Ainara Larrondo-Ureta and Jordi Morales-i-Gras},
  title     = {Current affairs on TikTok. Virality and entertainment for digital natives},
  journal   = {Profesional de la Información},
  volume    = {31},
  number    = {1},
  pages     = {e310106},
  year      = {2022},
  doi       = {10.3145/epi.2022.ene.06},
  url       = {https://revista.profesionaldelainformacion.com/index.php/EPI/article/download/86803/63085/290936},
  note      = {Accessed: 2025-04-26}
}
@online{NepalNews2024,
  author       = {{NepalNews}},
  title        = {Everything you need to know about Kathmandu Mayor Balen Shah: His battle with the establishment, core team, achievements and future plans},
  year         = {2024},
  url          = {https://nepalnews.com/s/long-reads/everything-you-need-to-know-about-kathmandu-mayor-balen-shah-his-battle-with-the-establishment-core-team-achievements-and-future-plans/},
  note         = {Accessed: 2025-04-26}
}
@article{KarimiFox2023,
  author  = {Kiana Karimi and Richard L. Fox},
  title   = {Scrolling, Simping, and Mobilizing: TikTok’s influence over Generation Z’s Political Behavior},
  journal = {The Journal of Social Media in Society},
  year    = {2023},
  volume  = {12},
  number  = {1},
  pages   = {181--208},
  url     = {https://thejsms.org/index.php/JSMS/article/view/1251}
}
@online{AnnapurnaExpress2022,
  author       = {{The Annapurna Express}},
  title        = {Balen and Sampang effect in federal elections},
  year         = {2022},
  url          = {https://theannapurnaexpress.com/story/30628/},
  note         = {Accessed: 2025-04-26}
}
@article{landis1977measurement,
  author = {Landis, J. Richard and Koch, Gary G.},
  title = {The Measurement of Observer Agreement for Categorical Data},
  journal = {Biometrics},
  volume = {33},
  number = {1},
  pages = {159--174},
  year = {1977},
  publisher = {JSTOR}
}
@book{highfield2016instagrammatics,
  author = {Highfield, Tim and Leaver, Tama},
  title = {Instagrammatics and Digital Methods},
  year = {2016},
  publisher = {Routledge}
}
@article{radford2021learning,
  author = {Radford, Alec and Kim, Jong Wook and Hallacy, Chris and others},
  title = {Learning Transferable Visual Models From Natural Language Supervision},
  journal = {arXiv preprint arXiv:2103.00020},
  year = {2021}
}
@online{OpenAI2024gpt4o,
  author       = {OpenAI},
  title        = {GPT-4o model documentation},
  year         = {2024},
  url          = {https://platform.openai.com/docs/models/gpt-4o},
  note         = {Accessed: 2025-04-27}
}
@online{TikTokCreative2023,
  author       = {{TikTok}},
  title        = {TikTok Creative Research 2023},
  year         = {2023},
  url          = {https://www.tiktok.com/business/en/creativecenter/insights},
  note         = {Accessed: 2025-04-27}
}
@misc{bge-m3,
  title        = {BGE M3-Embedding: Multi-Lingual, Multi-Functionality, Multi-Granularity Text Embeddings Through Self-Knowledge Distillation},
  author       = {Jianlv Chen and Shitao Xiao and Peitian Zhang and Kun Luo and Defu Lian and Zheng Liu},
  year         = {2024},
  eprint       = {2402.03216},
  archivePrefix= {arXiv},
  primaryClass = {cs.CL},
  url          = {https://huggingface.co/BAAI/bge-m3}
}
@misc{duwal2024domainadaptativecontinuallearninglowresource,
  title={Domain-adaptative Continual Learning for Low-resource Tasks: Evaluation on Nepali}, 
  author={Sharad Duwal and Suraj Prasai and Suresh Manandhar},
  year={2024},
  eprint={2412.13860},
  archivePrefix={arXiv},
  primaryClass={cs.CL},
  url={https://arxiv.org/abs/2412.13860}, 
}
@online{langdetect,
  author       = {Nakatani, Shuyo},
  title        = {langdetect: Language detection library ported from Google's language-detection},
  year         = {2014},
  url          = {https://pypi.org/project/langdetect/},
  note         = {Accessed: 2025-04-27}
}
@article{elbayad2023seamlessm4t,
  author  = {Maha Elbayad and Changhan Wang and Ankur Bapna and Xutai Ma and Shruti Bhosale and Yossi Adi and Juan Pino and Naman Goyal and Vishrav Chaudhary and Myle Ott and Holger Schwenk},
  title   = {SeamlessM4T: Massively Multilingual \& Multimodal Machine Translation},
  journal = {arXiv preprint arXiv:2308.11596},
  year    = {2023},
  url     = {https://arxiv.org/abs/2308.11596}
}

@online{facebookresearch2023seamlessm4t,
  author       = {{Facebook Research}},
  title        = {SeamlessM4T},
  year         = {2023},
  url          = {https://github.com/facebookresearch/seamless_communication},
  note         = {Accessed: 2025-04-27}
}

@online{huggingface2024seamlessm4t,
  author       = {{Hugging Face}},
  title        = {facebook/seamless-m4t-medium},
  year         = {2024},
  url          = {https://huggingface.co/facebook/seamless-m4t-medium},
  note         = {Accessed: 2025-04-27}
}

@online{reddit2023gpt4nepali,
  author       = {{Reddit}},
  title        = {GPT-4's Nepali Translation is on point},
  year         = {2023},
  url          = {https://www.reddit.com/r/Nepal/comments/12j6twf/gpt_4s_nepali_translation_is_on_point/},
  note         = {Accessed: 2025-04-27}
}
@inproceedings{Pudasaini2023NepaliBERT,
  author    = {Pudasaini, Shushanta and Shakya, Subarna and Tamang, Aakash and Adhikari, Sajjan and Thapa, Sunil and Lamichhane, Sagar},
  title     = {NepaliBERT: Pre-training of Masked Language Model in Nepali Corpus},
  booktitle = {2023 7th International Conference on I-SMAC (IoT in Social, Mobile, Analytics and Cloud) (I-SMAC)},
  year      = {2023},
  pages     = {325--330},
  address   = {Kirtipur, Nepal},
  doi       = {10.1109/I-SMAC58438.2023.10290690},
  url       = {https://huggingface.co/Shushant/nepaliBERT}
}
@online{DW2022NepalElections,
  author       = {{Deutsche Welle}},
  title        = {Nepal elections: Young independents look to make big gains},
  year         = {2022},
  url          = {https://www.dw.com/en/nepal-elections-young-independents-look-to-make-big-gains/a-63789472},
  note         = {Published: 2022-11-17. Accessed: 2025-04-27}
}
@online{napoleoncat2025,
  author    = {NapoleonCat},
  title     = {Social Media Users in Nepal – 2025},
  year      = {2025},
  month     = mar,
  url       = {https://napoleoncat.com/stats/social-media-users-in-nepal/2025/},
  note      = {Accessed: 2025-04-27}
}
@article{dahal2023influence,
  title={The Influence of Social-media on Agenda-setting in Nepali Journalism},
  author={Dahal, Rishikesh},
  journal={Patan Prospective Journal},
  volume={3},
  number={01},
  pages={116--127},
  year={2023}
}
@article{lamichhane2024tik,
  title={Tik Tok Ban in Nepal: Reactions of the public},
  author={Lamichhane, Sonika},
  journal={Sprin Journal of Arts, Humanities and Social Sciences},
  volume={3},
  number={4},
  pages={24--27},
  year={2024}
}
@online{datatab2025,
  author = {{DATAtab}},
  title = {Cohen's Kappa: Measuring Inter-Rater Agreement},
  year = {2025},
  url = {https://datatab.net/tutorial/cohens-kappa},
  note = {Accessed: 2025-04-27}
}

@online{kolena2025,
  author = {{Kolena}},
  title = {Cohen's Kappa - Testing with Kolena},
  year = {2025},
  url = {https://docs.kolena.com/metrics/cohens-kappa/},
  note = {Accessed: 2025-04-27}
}

@online{icuc2025,
  author = {{ICUC Social}},
  title = {Overcoming the Challenges of Audio Moderation},
  year = {2025},
  url = {https://icuc.social/resources/blog/overcoming-the-challenges-of-audio-moderation/},
  note = {Accessed: 2025-04-27}
}

@online{leanmean2023,
  author = {{Lean Mean Learning Machine}},
  title = {Audio Analysis with Deep Learning: Techniques and Challenges},
  year = {2023},
  url = {https://lean-mean-learning-machine.com/machine-learning/audio-analysis-with-deep-learning-techniques-and-challenges/},
  note = {Accessed: 2025-04-27}
}
@inproceedings{ling2022slapping,
  title={Slapping cats, bopping heads, and oreo shakes: Understanding indicators of virality in tiktok short videos},
  author={Ling, Chen and Blackburn, Jeremy and De Cristofaro, Emiliano and Stringhini, Gianluca},
  booktitle={Proceedings of the 14th ACM Web Science Conference 2022},
  pages={164--173},
  year={2022}
}
@phdthesis{dhakal2024tiknep,
  title={TikNep: content analysis of Nepali TikTok users using natural language processing},
  author={Dhakal, Aakar and Lamichhane, Ashok and Jha, Aatish Kumar and Singh, Mukund Prasad},
  year={2024},
  school={Brac University}
}
@article{regmi2024effect,
  title={The Effect of Social Media on Result of Election in Metropolitan City: Special Focus on Kathmandu, Nepal},
  author={Regmi Wagle, Pabina},
  year={2024},
  school = {Arcada University of Applied Sciences}
}
@article{cseri2024masterarbeit,
  title={Are we having fun? Exploring content factors influencing engagement on Viktor Orbán's Tiktok},
  author={Cseri, Zsofia Fanni},
  year={2024}
}
@online{nepalitimes2025,
  author    = {{Nepali Times}},
  title     = {Election infowar goes digital},
  year      = {2025},
  url       = {https://nepalitimes.com/here-now/election-infowar-goes-digital},
  note      = {Accessed: 2025-04-28}
}
@online{acharya2024media,
  author    = {Madhu Acharya and Bhumiraj Chapagain},
  title     = {What do Nepalis think of the media?},
  year      = {2024},
  month     = apr,
  day       = {26},
  url       = {https://nepalitimes.com/here-now/what-do-nepalis-think-of-the-media},
  note      = {Accessed: 2025-04-28},
  publisher = {Nepali Times}
}
@online{reuters2024tiktok,
  author    = {{Reuters}},
  title     = {Nepal lifts TikTok ban after app addresses cyber crime concerns},
  year      = {2024},
  month     = aug,
  day       = {22},
  url       = {https://www.reuters.com/world/asia-pacific/nepal-lifts-tiktok-ban-after-app-addresses-cyber-crime-concerns-2024-08-22/},
  note      = {Accessed: 2025-04-28}
}
@online{wikipediaNoNotAgain,
  title     = {No, Not Again},
  year      = {2025},
  url       = {https://en.wikipedia.org/wiki/No,_Not_Again},
  note      = {Accessed: 2025-04-28},
  publisher = {Wikipedia}
}
@online{wikipedia2022local,
  author    = {{Wikipedia contributors}},
  title     = {2022 Nepalese local elections --- Wikipedia{,} The Free Encyclopedia},
  year      = {2022},
  url       = {https://en.wikipedia.org/wiki/2022_Nepalese_local_elections},
  note      = {Accessed: 2025-04-28},
  publisher = {Wikipedia}
}
@article{budiharto2018prediction,
  author    = {Budiharto, Widodo and Meiliana, Meiliana},
  title     = {Prediction and analysis of Indonesia Presidential election from Twitter using sentiment analysis},
  journal   = {Journal of Big Data},
  volume    = {5},
  number    = {1},
  pages     = {51},
  year      = {2018},
  doi       = {10.1186/s40537-018-0164-1},
  url       = {https://doi.org/10.1186/s40537-018-0164-1}
}

@article{oliveira2017social,
  author    = {Oliveira, Denio J. S. and Bermejo, Paula H. and de, S. and dos Santos, Paulo A.},
  title     = {Can social media reveal the preferences of voters? A comparison between sentiment analysis and traditional opinion polls},
  journal   = {Journal of Information Technology \& Politics},
  volume    = {14},
  number    = {1},
  pages     = {34--45},
  year      = {2017},
  doi       = {10.1080/19331681.2016.1214094},
  url       = {https://doi.org/10.1080/19331681.2016.1214094}
}
@article{guess2023algorithms,
  author    = {Andrew Guess and others},
  title     = {How do social media feed algorithms affect attitudes and behavior in an election campaign?},
  journal   = {Science},
  volume    = {381},
  number    = {6656},
  pages     = {eabp9364},
  year      = {2023},
  doi       = {10.1126/science.abp9364},
  url       = {https://www.science.org/doi/10.1126/science.abp9364}
}
@article{parmelee2023personalization,
  author    = {Parmelee, John H. and Perkins, Sydney C. and Beasley, Brandon},
  title     = {Personalization of politicians on Instagram: What Generation Z wants to see in political posts},
  journal   = {Information, Communication \& Society},
  volume    = {26},
  number    = {9},
  pages     = {1773--1788},
  year      = {2023},
  doi       = {10.1080/1369118X.2022.2027500},
  url       = {https://doi.org/10.1080/1369118X.2022.2027500}
}
@article{guinaudeau2022fifteen,
  title={Fifteen seconds of fame: TikTok and the supply side of social video},
  author={Guinaudeau, Benjamin and Munger, Kevin and Votta, Fabio},
  journal={Computational Communication Research},
  volume={4},
  number={2},
  pages={463--485},
  year={2022},
  publisher={Amsterdam University Press Amsterdam}
}
@article{mccombs1972agenda,
  author = {McCombs, Maxwell E. and Shaw, Donald L.},
  title = {The Agenda-Setting Function of Mass Media},
  journal = {Public Opinion Quarterly},
  volume = {36},
  number = {2},
  pages = {176--187},
  year = {1972},
  doi = {10.1086/267990},
  note = {This foundational work establishes Agenda-Setting Theory, used to frame TikTok's role in shaping political discourse.}
}
@article{bhandari2024weaponizing,
  author    = {Bhandari, Bhuwan},
  title     = {Weaponizing Information: The Rise of Social Media Manipulation in Nepal},
  journal   = {Journal of Development and Learning},
  volume    = {3},
  number    = {1},
  year      = {2024},
  doi       = {10.3126/jdl.v3i1.73833},
  email     = {bhuwan044@gmail.com},
  note = {Assistant Professor, Kailali Multiple Campus, FWU, Nepal}
}
@online{himalayantimes2025oli,
  author    = {{The Himalayan Times}},
  title     = {Prime Minister KP Sharma Oli makes TikTok debut},
  year      = {2025},
  url       = {https://thehimalayantimes.com/entertainment/prime-minister-kp-sharma-oli-makes-tiktok-debut},
  note      = {Accessed: 2025-04-28},
  publisher = {The Himalayan Times}
}
@online{tiktokResearchAPI2025,
  author    = {{TikTok}},
  title     = {Research API | TikTok for Developers},
  year      = {2025},
  url       = {https://developers.tiktok.com/products/research-api/},
  note      = {Accessed: 2025-04-28},
  publisher = {TikTok for Developers}
}
@article{van2013socialmedia,
  author = {Van Dijck, José and Poell, Thomas},
  title = {Understanding Social Media Logic},
  journal = {Media and Communication},
  volume = {1},
  number = {1},
  pages = {2--14},
  year = {2013},
  doi = {10.12924/mac2013.01010002},
  note = {Provides a framework for social media's role in political communication, used in the literature review.}
}
@article{mcgregor2019socialmediaelections,
  author = {McGregor, Shannon C.},
  title = {Social Media as a Tool for Political Agenda-Setting},
  journal = {Political Communication},
  volume = {36},
  number = {4},
  pages = {521--539},
  year = {2019},
  doi = {10.1080/10584609.2019.1619639},
  note = {Examines social media’s role in agenda-setting during elections, cited to contextualize TikTok’s impact.}
}
@article{bode2016campaign,
  author = {Bode, Leticia and Dalrymple, Kajsa E.},
  title = {Politics in 140 Characters or Less: Campaign Communication, Network Interaction, and Political Participation on Twitter},
  journal = {Journal of Political Marketing},
  volume = {15},
  number = {4},
  pages = {414--440},
  year = {2016},
  doi = {10.1080/15377857.2015.1108298},
  note = {Demonstrates social media’s impact on voter mobilization, cited to support the role of engagement in elections.}
}
@article{piatak2021does,
  title={Does social media engagement translate to civic engagement offline?},
  author={Piatak, Jaclyn and Mikkelsen, Ian},
  journal={Nonprofit and Voluntary Sector Quarterly},
  volume={50},
  number={5},
  pages={1079--1101},
  year={2021},
  publisher={SAGE Publications Sage CA: Los Angeles, CA}
}
@article{nisa2021optimizing,
  author    = {Nisa, Meher UN and Mahmood, Danish and Ahmed, Ghufran and Khan, Suleman and Mohammed, Mazin Abed and Dama{\v{s}}evi{\v{c}}ius, Robertas},
  title     = {Optimizing Prediction of YouTube Video Popularity Using XGBoost},
  journal   = {Electronics},
  year      = {2021},
  volume    = {10},
  number    = {23},
  pages     = {2962},
  doi       = {10.3390/electronics10232962},
  url       = {https://doi.org/10.3390/electronics10232962}
}
@online{menge2022kathmandu,
  author    = {Jonathan Menge and Deepika Dhakal},
  title     = {Kathmandu's rapper revolution},
  year      = {2022},
  url       = {https://asia.fes.de/news/kathmandus-rapper-revolution.html},
  note      = {Accessed: 2025-04-28},
  publisher = {FES Asia}
}
@techreport{roring2024decoding,
  author    = {Roring, Riovan Styx},
  title     = {Decoding Social Media Virality: Measuring Impact, Influence, and Engagement in the Digital Age},
  institution = {Faculty of Computer Science, Information System Program, Mulia University, Indonesia},
  year      = {2024},
  url       = {https://papers.ssrn.com/sol3/papers.cfm?abstract_id=4875869},
  note      = {Accessed: 2025-04-28. Email: riovan@universitasmulia.ac.id}
}
@article{vasquez2024,
  title={Large-Scale Evaluation of Multilingual Embedding Models},
  author={Vasquez, Juan and Smith, Emma},
  year={2024},
  journal={arXiv preprint},
  url={https://arxiv.org/pdf/2405.20468.pdf}
}

@inproceedings{reimers-2019,
  title={Sentence-BERT},
  author={Reimers, Nils and Gurevych, Iryna},
  booktitle={EMNLP},
  year={2019}
}

@misc{bge-m3,
  title={BGE-M3 Technical Report},
  author={BAAI},
  year={2024},
  url={https://bge-model.com/bge/bge_m3.html}
}
@inproceedings{reimers-2019-sentence-bert,
  title = {Sentence-BERT: Sentence Embeddings using Siamese BERT-Networks},
  author = {Reimers, Nils and Gurevych, Iryna},
  booktitle = {Proceedings of the 2019 Conference on Empirical Methods in Natural Language Processing},
  month = {11},
  year = {2019},
  publisher = {Association for Computational Linguistics},
  url = {http://arxiv.org/abs/1908.10084}
}

@misc{paraphrase-multilingual-MiniLM-L12-v2,
  title = {sentence-transformers/paraphrase-multilingual-MiniLM-L12-v2},
  author = {Reimers, Nils and Gurevych, Iryna},
  howpublished = {\url{https://huggingface.co/sentence-transformers/paraphrase-multilingual-MiniLM-L12-v2}},
  year = {2020},
  note = {Accessed: 2025-04-28}
}
@inproceedings{reimers-2019-sentence-bert,
  title = {Sentence-BERT: Sentence Embeddings using Siamese BERT-Networks},
  author = {Reimers, Nils and Gurevych, Iryna},
  booktitle = {Proceedings of the 2019 Conference on Empirical Methods in Natural Language Processing},
  year = {2019},
  url = {https://arxiv.org/abs/1908.10084}
}

@misc{all-MiniLM-L6-v2,
  title = {sentence-transformers/all-MiniLM-L6-v2},
  author = {Reimers, Nils and Gurevych, Iryna},
  howpublished = {\url{https://huggingface.co/sentence-transformers/all-MiniLM-L6-v2}},
  year = {2021},
  note = {Accessed: 2025-04-28}
}

@online{setopati2025sthapit,
  author    = {Setopati},
  title     = {Sthapit calls Balen Shah fraud accusing him of hiding Madhesi identity},
  year      = {2025},
  date      = {2025-05-01},
  url       = {https://en.setopati.com/political/158415},
  note      = {Accessed: 2025-05-01}
}
